@article{Popek1974,
author = {Popek, GJ and Goldberg, RP},
doi = {10.1145/361011.361073},
file = {:data/john/.local/share/data/Mendeley Ltd./Mendeley Desktop/Downloaded/Popek, Goldberg - 1974 - Formal requirements for virtualizable third generation architectures.pdf:pdf},
issn = {00010782},
journal = {Communications of the ACM},
month = jul,
number = {7},
pages = {412--421},
title = {{Formal requirements for virtualizable third generation architectures}},
url = {http://dl.acm.org/citation.cfm?id=361073},
volume = {17},
year = {1974}
}
